%% This BibTeX bibliography file was created using BibDesk.
%% http://bibdesk.sourceforge.net/


%% Created for Robin Keunen at 2013-03-14 12:17:26 +0100 


%% Saved with string encoding Unicode (UTF-8) 



@misc{PLYtalk,
	Author = {David Beazley},
	Date-Added = {2013-03-14 11:16:01 +0000},
	Date-Modified = {2013-03-14 11:17:17 +0000},
	Howpublished = {\url{http://www.dabeaz.com/ply/PLYTalk.pdf}},
	Month = {February},
	Title = {Writing Parsers and Compilers with PLY},
	Year = {2007}}

@misc{antlr_ply_pyparsing,
	Date-Added = {2013-03-13 10:47:15 +0000},
	Date-Modified = {2013-03-13 10:58:28 +0000},
	Howpublished = {\url{http://www.dalkescientific.com/writings/diary/archive/2007/11/03/antlr_java.html}},
	Keywords = {lexer, parser, tools},
	Lastchecked = {13/3/2013},
	Title = {more ANTLR - Java, and comparisons to PLY and PyParsing},
	Year = {2007}}
